@article{ack-md2016, 
	title={ANATOMIZING INCOMPLETE-MARKETS SMALL OPEN ECONOMIES: POLICY TRADE-OFFS AND EQUILIBRIUM DETERMINACY}, 
	volume={20}, 
	DOI={10.1017/S1365100514000728}, 
	number={4}, 
	journal={Macroeconomic Dynamics}, 
	publisher={Cambridge University Press}, 
	author={Alonso-Carrera, Jaime and Kam, Timothy}, 
	year={2016}, 
	pages={1022â€“1050}
	}
